@inproceedings{karpukhin2020dense,
  title={Dense passage retrieval for open-domain question answering},
  author={Karpukhin, Vladimir and Oguz, Barlas and Min, Sewon and Lewis, Patrick and Wu, Ledell and Edunov, Sergey and Chen, Danqi and Yih, Wen-tau},
  booktitle={Proceedings of the 2020 Conference on Empirical Methods in Natural Language Processing (EMNLP)},
  pages={6769--6781},
  year={2020}
}

@article{thakur2021beir,
  title={BEIR: A heterogeneous benchmark for zero-shot evaluation of information retrieval models},
  author={Thakur, Nandan and Reimers, Nils and R{\"u}ckl{\'e}, Andreas and Srivastava, Abhishek and Gurevych, Iryna},
  journal={Advances in Neural Information Processing Systems},
  volume={34},
  pages={18404--18425},
  year={2021}
}

@inproceedings{ma2021prop,
  title={PROP: Pre-training with representative words prediction for ad-hoc retrieval},
  author={Ma, Xinyu and Guo, Jiafeng and Zhang, Ruqing and Fan, Yixing and Ji, Xiang and Cheng, Xueqi},
  booktitle={Proceedings of the 14th ACM International Conference on Web Search and Data Mining},
  pages={283--291},
  year={2021}
}

@inproceedings{formal2021splade,
  title={SPLADE: Sparse lexical and expansion model for first stage ranking},
  author={Formal, Thibault and Piwowarski, Benjamin and Clinchant, St{\'e}phane},
  booktitle={Proceedings of the 44th International ACM SIGIR Conference on Research and Development in Information Retrieval},
  pages={2288--2292},
  year={2021}
}

@inproceedings{khattab2020colbert,
  title={ColBERT: Efficient and effective passage search via contextualized late interaction over BERT},
  author={Khattab, Omar and Zaharia, Matei},
  booktitle={Proceedings of the 43rd International ACM SIGIR Conference on Research and Development in Information Retrieval},
  pages={39--48},
  year={2020}
}

@article{robertson2009probabilistic,
  title={The probabilistic relevance framework: BM25 and beyond},
  author={Robertson, Stephen and Zaragoza, Hugo},
  journal={Foundations and Trends in Information Retrieval},
  volume={3},
  number={4},
  pages={333--389},
  year={2009}
}

@inproceedings{lin2021few,
  title={Pyserini: A python toolkit for reproducible information retrieval research with sparse and dense representations},
  author={Lin, Jimmy and Ma, Xinyu and Lin, Sheng-Chieh and Yang, Jheng-Hong and Pradeep, Ronak and Nogueira, Rodrigo},
  booktitle={Proceedings of the 44th International ACM SIGIR Conference on Research and Development in Information Retrieval},
  pages={2356--2362},
  year={2021}
}

@article{xiong2020approximate,
  title={Approximate nearest neighbor negative contrastive learning for dense text retrieval},
  author={Xiong, Lee and Xiong, Chenyan and Li, Ye and Tang, Kwok-Fung and Liu, Jialin and Bennett, Paul and Ahmed, Junaid and Overwijk, Arnold},
  journal={arXiv preprint arXiv:2007.00808},
  year={2020}
}

@inproceedings{asai2021learning,
  title={Learning dense representations for entity retrieval},
  author={Asai, Akari and Hashimoto, Kazuma and Hajishirzi, Hannaneh and Socher, Richard and Xiong, Caiming},
  booktitle={Proceedings of the 23rd Conference on Computational Natural Language Learning (CoNLL)},
  pages={528--537},
  year={2019}
}

@article{thakur2021domain,
  title={Domain adaptation for memory-efficient dense retrieval},
  author={Thakur, Nandan and Reimers, Nils and Gurevych, Iryna},
  journal={arXiv preprint arXiv:2110.01013},
  year={2021}
}

@article{luan2021sparse,
  title={Sparse, dense, and attentional representations for text retrieval},
  author={Luan, Yi and Eisenstein, Jacob and Toutanova, Kristina and Collins, Michael},
  journal={Transactions of the Association for Computational Linguistics},
  volume={9},
  pages={329--345},
  year={2021}
}

@inproceedings{cormack2009reciprocal,
  title={Reciprocal rank fusion outperforms condorcet and individual rank learning methods},
  author={Cormack, Gordon V and Clarke, Charles LA and Buettcher, Stefan},
  booktitle={Proceedings of the 32nd international ACM SIGIR conference on Research and development in information retrieval},
  pages={758--759},
  year={2009}
}

@inproceedings{zhao2022sparta,
  title={Sparta: Efficient open-domain question answering via sparse transformer matching},
  author={Zhao, Jun and Zhang, Yudong and He, Ben and Tang, Chengdong and Zhou, Jian},
  booktitle={Proceedings of the 2022 Conference of the North American Chapter of the Association for Computational Linguistics: Human Language Technologies},
  pages={565--575},
  year={2022}
}

@inproceedings{santhanam2022colbertv2,
  title={ColBERTv2: Effective and efficient retrieval via lightweight late interaction},
  author={Santhanam, Keshav and Khattab, Omar and Saad-Falcon, Jon and Potts, Christopher and Zaharia, Matei},
  booktitle={Proceedings of the 2022 Conference of the North American Chapter of the Association for Computational Linguistics: Human Language Technologies},
  pages={3715--3734},
  year={2022}
}

@article{zamani2022scaling,
  title={Deep learning for search ranking: A survey},
  author={Zamani, Hamed and Dehghani, Mostafa and Diaz, Fernando and Li, Hang and Craswell, Nick},
  journal={ACM Computing Surveys},
  volume={55},
  number={6},
  pages={1--34},
  year={2022}
}

@book{lin2022pyserini,
  title={Pretrained transformers for text ranking: BERT and beyond},
  author={Lin, Jimmy and Nogueira, Rodrigo and Yates, Andrew},
  year={2021},
  publisher={Springer}
}

@article{lewis2020retrieval,
  title={Retrieval-augmented generation for knowledge-intensive nlp tasks},
  author={Lewis, Patrick and Perez, Ethan and Piktus, Aleksandra and Petroni, Fabio and Karpukhin, Vladimir and Goyal, Naman and K{\"u}ttler, Heinrich and Lewis, Mike and Yih, Wen-tau and Rockt{\"a}schel, Tim and others},
  journal={Advances in neural information processing systems},
  volume={33},
  pages={9459--9474},
  year={2020}
}

@inproceedings{nogueira2019passage,
  title={Passage re-ranking with BERT},
  author={Nogueira, Rodrigo and Cho, Kyunghyun},
  booktitle={arXiv preprint arXiv:1901.04085},
  year={2019}
}

@article{benjamini1995controlling,
  title={Controlling the false discovery rate: a practical and powerful approach to multiple testing},
  author={Benjamini, Yoav and Hochberg, Yosef},
  journal={Journal of the Royal statistical society: series B (Methodological)},
  volume={57},
  number={1},
  pages={289--300},
  year={1995}
}